@book{sutton1998reinforcement,
  title={Reinforcement learning: An introduction},
  author={Sutton, Richard S and Barto, Andrew G},
  year={1998},
  publisher={MIT press}
}

@article{bubeck2012regret,
  title={Regret analysis of stochastic and nonstochastic multi-armed bandit problems},
  author={Bubeck, S{\'e}bastien and Cesa-Bianchi, Nicolo},
  journal={arXiv preprint arXiv:1204.5721},
  year={2012}
}

@article{bubeck2012bandits,
  title={Bandits with heavy tail},
  author={Bubeck, S{\'e}bastien and Cesa-Bianchi, Nicolo and Lugosi, G{\'a}bor},
  journal={arXiv preprint arXiv:1209.1727},
  year={2012}
}

@article{bubeck2013bounded,
  title={Bounded regret in stochastic multi-armed bandits},
  author={Bubeck, S{\'e}bastien and Perchet, Vianney and Rigollet, Philippe},
  journal={arXiv preprint arXiv:1302.1611},
  year={2013}
}

@article{perchet2015batched,
  title={Batched Bandit Problems},
  author={Perchet, Vianney and Rigollet, Philippe and Chassang, Sylvain and Snowberg, Erik},
  journal={arXiv preprint arXiv:1505.00369},
  year={2015}
}

@inproceedings{audibert2010best,
  title={Best arm identification in multi-armed bandits},
  author={Audibert, Jean-Yves and Bubeck, S{\'e}bastien},
  booktitle={COLT-23th Conference on Learning Theory-2010},
  pages={13--p},
  year={2010}
}

@book{friedman2001elements,
  title={The elements of statistical learning},
  author={Friedman, Jerome and Hastie, Trevor and Tibshirani, Robert},
  volume={1},
  year={2001},
  publisher={Springer series in statistics Springer, Berlin}
}

@article{auer2002nonstochastic,
  title={The nonstochastic multiarmed bandit problem},
  author={Auer, Peter and Cesa-Bianchi, Nicolo and Freund, Yoav and Schapire, Robert E},
  journal={SIAM Journal on Computing},
  volume={32},
  number={1},
  pages={48--77},
  year={2002},
  publisher={SIAM}
}

@misc{CapGarKau12,
 author={Olivier Cappe and Aurelien Garivier and Emilie Kaufmann},
 title={pymaBandits},
 year={2012},
 note={\url{http://mloss.org/software/view/415/}}
}

@inproceedings{honda2010asymptotically,
  title={An Asymptotically Optimal Bandit Algorithm for Bounded Support Models.},
  author={Honda, Junya and Takemura, Akimichi},
  booktitle={COLT},
  pages={67--79},
  year={2010},
  organization={Citeseer}
}

@article{lattimore2015optimally,
  title={Optimally confident UCB: Improved regret for finite-armed bandits},
  author={Lattimore, Tor},
  journal={arXiv preprint arXiv:1507.07880},
  year={2015}
}

@article{liu2016modification,
  title={Modification of improved upper confidence bounds for regulating exploration in Monte-Carlo tree search},
  author={Liu, Yun-Ching and Tsuruoka, Yoshimasa},
  journal={Theoretical Computer Science},
  year={2016},
  publisher={Elsevier}
}

@article{mannor2004sample,
  title={The sample complexity of exploration in the multi-armed bandit problem},
  author={Mannor, Shie and Tsitsiklis, John N},
  journal={Journal of Machine Learning Research},
  volume={5},
  number={Jun},
  pages={623--648},
  year={2004}
}

@article{even2006action,
  title={Action elimination and stopping conditions for the multi-armed bandit and reinforcement learning problems},
  author={Even-Dar, Eyal and Mannor, Shie and Mansour, Yishay},
  journal={The Journal of Machine Learning Research},
  volume={7},
  pages={1079--1105},
  year={2006},
  publisher={JMLR. org}
}

@article{audibert2009exploration,
  title={Exploration--exploitation tradeoff using variance estimates in multi-armed bandits},
  author={Audibert, Jean-Yves and Munos, R{\'e}mi and Szepesv{\'a}ri, Csaba},
  journal={Theoretical Computer Science},
  volume={410},
  number={19},
  pages={1876--1902},
  year={2009},
  publisher={Elsevier}
}

@article{auer2010ucb,
  title={UCB revisited: Improved regret bounds for the stochastic multi-armed bandit problem},
  author={Auer, Peter and Ortner, Ronald},
  journal={Periodica Mathematica Hungarica},
  volume={61},
  number={1-2},
  pages={55--65},
  year={2010},
  publisher={Springer}
}

@article{auer2002finite,
  title={Finite-time analysis of the multiarmed bandit problem},
  author={Auer, Peter and Cesa-Bianchi, Nicolo and Fischer, Paul},
  journal={Machine learning},
  volume={47},
  number={2-3},
  pages={235--256},
  year={2002},
  publisher={Springer}
}

@incollection{robbins1952some,
  title={Some aspects of the sequential design of experiments},
  author={Robbins, Herbert},
  booktitle={Herbert Robbins Selected Papers},
  pages={169--177},
  year={1952},
  publisher={Springer}
}

@article{lai1985asymptotically,
  title={Asymptotically efficient adaptive allocation rules},
  author={Lai, Tze Leung and Robbins, Herbert},
  journal={Advances in applied mathematics},
  volume={6},
  number={1},
  pages={4--22},
  year={1985},
  publisher={Elsevier}
}

@article{thompson1933likelihood,
  title={On the likelihood that one unknown probability exceeds another in view of the evidence of two samples},
  author={Thompson, William R},
  journal={Biometrika},
  pages={285--294},
  year={1933},
  publisher={JSTOR}
}

@article{bertsekas1996neuro,
  title={Neuro-dynamic programming (optimization and neural computation series, 3)},
  author={Bertsekas, Dimitri P and Tsitsiklis, John N},
  journal={Athena Scientific},
  volume={7},
  pages={15--23},
  year={1996}
}

@book{ghavamzadeh2015bayesian,
  title={Bayesian reinforcement learning: a survey},
  author={Ghavamzadeh, Mohammad and Mannor, Shie and Pineau, Joelle and Tamar, Aviv and others},
  year={2015},
  publisher={World Scientific}
}

@article{garivier2011kl,
  title={The KL-UCB algorithm for bounded stochastic bandits and beyond},
  author={Garivier, Aur{\'e}lien and Capp{\'e}, Olivier},
  journal={arXiv preprint arXiv:1102.2490},
  year={2011}
}

@inproceedings{audibert2009minimax,
  title={Minimax policies for adversarial and stochastic bandits},
  author={Audibert, Jean-Yves and Bubeck, S{\'e}bastien},
  booktitle={COLT},
  pages={217--226},
  year={2009}
}

@inproceedings{abbasi2011improved,
  title={Improved algorithms for linear stochastic bandits},
  author={Abbasi-Yadkori, Yasin and P{\'a}l, D{\'a}vid and Szepesv{\'a}ri, Csaba},
  booktitle={Advances in Neural Information Processing Systems},
  pages={2312--2320},
  year={2011}
}

@article{agrawal2011analysis,
  title={Analysis of thompson sampling for the multi-armed bandit problem},
  author={Agrawal, Shipra and Goyal, Navin},
  journal={arXiv preprint arXiv:1111.1797},
  year={2011}
}

@article{bubeck2011pure,
  title={Pure exploration in finitely-armed and continuous-armed bandits},
  author={Bubeck, S{\'e}bastien and Munos, R{\'e}mi and Stoltz, Gilles},
  journal={Theoretical Computer Science},
  volume={412},
  number={19},
  pages={1832--1852},
  year={2011},
  publisher={Elsevier}
}

@inproceedings{gabillon2011multi,
  title={Multi-bandit best arm identification},
  author={Gabillon, Victor and Ghavamzadeh, Mohammad and Lazaric, Alessandro and Bubeck, S{\'e}bastien},
  booktitle={Advances in Neural Information Processing Systems},
  pages={2222--2230},
  year={2011}
}

@inproceedings{gabillon2012best,
  title={Best arm identification: A unified approach to fixed budget and fixed confidence},
  author={Gabillon, Victor and Ghavamzadeh, Mohammad and Lazaric, Alessandro},
  booktitle={Advances in Neural Information Processing Systems},
  pages={3212--3220},
  year={2012}
}

@inproceedings{kalyanakrishnan2012pac,
  title={PAC subset selection in stochastic multi-armed bandits},
  author={Kalyanakrishnan, Shivaram and Tewari, Ambuj and Auer, Peter and Stone, Peter},
  booktitle={Proceedings of the 29th International Conference on Machine Learning (ICML-12)},
  pages={655--662},
  year={2012}
}

@inproceedings{bubeck2013multiple,
  title={Multiple Identifications in Multi-Armed Bandits.},
  author={Bubeck, S{\'e}bastien and Wang, Tengyao and Viswanathan, Nitin},
  booktitle={ICML (1)},
  pages={258--265},
  year={2013}
}

@inproceedings{chen2014combinatorial,
  title={Combinatorial pure exploration of multi-armed bandits},
  author={Chen, Shouyuan and Lin, Tian and King, Irwin and Lyu, Michael R and Chen, Wei},
  booktitle={Advances in Neural Information Processing Systems},
  pages={379--387},
  year={2014}
}

@article{locatelli2016optimal,
  title={An optimal algorithm for the Thresholding Bandit Problem},
  author={Locatelli, Andrea and Gutzeit, Maurilio and Carpentier, Alexandra},
  journal={arXiv preprint arXiv:1605.08671},
  year={2016}
}

@inproceedings{tolpin2012mcts,
  title={MCTS Based on Simple Regret.},
  author={Tolpin, David and Shimony, Solomon Eyal},
  booktitle={AAAI},
  year={2012}
}

@inproceedings{jamieson2014best,
  title={Best-arm identification algorithms for multi-armed bandits in the fixed confidence setting},
  author={Jamieson, Kevin and Nowak, Robert},
  booktitle={Information Sciences and Systems (CISS), 2014 48th Annual Conference on},
  pages={1--6},
  year={2014},
  organization={IEEE}
}

@inproceedings{abernethy2016threshold,
  title={Threshold Bandits, With and Without Censored Feedback},
  author={Abernethy, Jacob D and Amin, Kareem and Zhu, Ruihao},
  booktitle={Advances In Neural Information Processing Systems},
  pages={4889--4897},
  year={2016}
}